@article{Ma2020,
   author = {Ma, Chong and Iijima, Kazuhiro and Oka, Masayoshi},
   title = {Nonlinear waves in a floating thin elastic plate, predicted by a coupled SPH and FEM simulation and by an analytical solution},
   journal = {Ocean Engineering},
   volume = {204},
   pages = {107243},
   ISSN = {0029-8018},
   DOI = {https://doi.org/10.1016/j.oceaneng.2020.107243},
   year = {2020},
   type = {Journal Article}
}

@article{Jang2013,
   author = {Jang, T. S.},
   title = {A new semi-analytical approach to large deflections of {B}ernoulli–{E}uler-v. {K}arman beams on a linear elastic foundation: {N}onlinear analysis of infinite beams},
   journal = {International Journal of Mechanical Sciences},
   volume = {66},
   pages = {22-32},
   ISSN = {0020-7403},
   year = {2013},
   DOI = {https://doi.org/10.1016/j.ijmecsci.2012.10.005},
   type = {Journal Article}
}

@article{Vanden-Broeck2011,
   author = {Vanden-Broeck, Jean-Marc and Părău, Emilian I.},
   title = {Two-dimensional generalized solitary waves and periodic waves under an ice sheet},
   journal = {Philosophical Transactions of the Royal Society A: Mathematical, Physical and Engineering Sciences},
   volume = {369},
   number = {1947},
   pages = {2957-2972},
   DOI = {doi:10.1098/rsta.2011.0108},
   year = {2011},
   type = {Journal Article}
}

@article{D.Wang2002,
   author = {Wang, Cynthia D. and Meylan, Michael H.},
   title = {The linear wave response of a floating thin plate on water of variable depth},
   journal = {Applied Ocean Research},
   volume = {24},
   number = {3},
   pages = {163-174},
   ISSN = {0141-1187},
   DOI = {https://doi.org/10.1016/S0141-1187(02)00025-1},
   year = {2002},
   type = {Journal Article}
}
